<?xml version="1.0" encoding="UTF-8"?><collection xmlns="http://www.loc.gov/MARC21/slim"><record><leader>00489nam--2200181-i-4500</leader><controlfield tag="001">000048301</controlfield><controlfield tag="002">20161230</controlfield><controlfield tag="005">20161230201046</controlfield><controlfield tag="008">060222s1000------------r-----000-0-rus-d</controlfield><datafield ind1=" " ind2=" " tag="040"><subfield code="a">IFIN-HH</subfield></datafield><datafield ind1=" " ind2=" " tag="041"><subfield code="a">rus</subfield></datafield><datafield ind1=" " ind2=" " tag="080"><subfield code="a">539.975:538.955</subfield></datafield><datafield ind1="1" ind2=" " tag="100"><subfield code="a">Suhvalo, S.V</subfield></datafield><datafield ind1="1" ind2="0" tag="245"><subfield code="a">Struktura i svoistva magnithih plenok jelezo-nikeli-kobaltovih splavov</subfield><subfield code="c">S.v. suhvalo</subfield></datafield><datafield ind1=" " ind2=" " tag="260"><subfield code="a">Minsk</subfield><subfield code="b">Nauka I Tehnika</subfield><subfield code="c">1974</subfield></datafield><datafield ind1=" " ind2=" " tag="300"><subfield code="a">334P</subfield></datafield><datafield ind1=" " ind2=" " tag="852"><subfield code="a">75037</subfield><subfield code="c">539.23</subfield></datafield><datafield ind1=" " ind2=" " tag="CAT"><subfield code="a">Sys</subfield><subfield code="c">20121218</subfield><subfield code="h">175636</subfield></datafield></record></collection>